
%% ---------------------------------------------
%% --------------- MISC ------------------------
%% ---------------------------------------------
@misc{deeplearningpcsurvey,
  doi = {10.48550/ARXIV.1912.12033},
  url = {https://arxiv.org/abs/1912.12033},
  author = {Guo, Yulan and Wang, Hanyun and Hu, Qingyong and Liu, Hao and Liu, Li and Bennamoun, Mohammed},
  keywords = {Computer Vision and Pattern Recognition (cs.CV), Machine Learning (cs.LG), Robotics (cs.RO), Image and Video Processing (eess.IV), FOS: Computer and information sciences, FOS: Computer and information sciences, FOS: Electrical engineering, electronic engineering, information engineering, FOS: Electrical engineering, electronic engineering, information engineering},
  title = {Deep Learning for 3D Point Clouds: A Survey},
  publisher = {arXiv},
  year = {2019},
  copyright = {arXiv.org perpetual, non-exclusive license}
}

%% ---------------------------------------------
%% ------------- DATASETS ----------------------
%% ---------------------------------------------
@inproceedings{semantickitti1,
  author = {A. Geiger and P. Lenz and R. Urtasun},
  title = {{Are we ready for Autonomous Driving? The KITTI Vision Benchmark Suite}},
  booktitle = {Proc.~of the IEEE Conf.~on Computer Vision and Pattern Recognition (CVPR)},
  pages = {3354--3361},
  year = {2012}
}

@inproceedings{semantickitti2,
  author = {J. Behley and M. Garbade and A. Milioto and J. Quenzel and S. Behnke and C. Stachniss and J. Gall},
  title = {{SemanticKITTI: A Dataset for Semantic Scene Understanding of LiDAR Sequences}},
  booktitle = {Proc. of the IEEE/CVF International Conf.~on Computer Vision (ICCV)},
  year = {2019}
}

@INPROCEEDINGS{nuscenes,
  title={nuScenes: A multimodal dataset for autonomous driving},
  author={Holger Caesar and Varun Bankiti and Alex H. Lang and Sourabh Vora and
          Venice Erin Liong and Qiang Xu and Anush Krishnan and Yu Pan and
          Giancarlo Baldan and Oscar Beijbom},
  booktitle={CVPR},
  year=2020
}

@misc{rellis3d,
  title={RELLIS-3D Dataset: Data, Benchmarks and Analysis},
  author={Peng Jiang and Philip Osteen and Maggie Wigness and Srikanth Saripalli},
  year={2020},
  eprint={2011.12954},
  archivePrefix={arXiv},
  primaryClass={cs.CV}
}

%% ---------------------------------------------
%% ------------ SEGMENTERS ---------------------
%% ---------------------------------------------

@misc{cylinder3d,
  doi = {10.48550/ARXIV.2008.01550},
  url = {https://arxiv.org/abs/2008.01550},
  author = {Zhou, Hui and Zhu, Xinge and Song, Xiao and Ma, Yuexin and Wang, Zhe and Li, Hongsheng and Lin, Dahua},
  keywords = {Computer Vision and Pattern Recognition (cs.CV), FOS: Computer and information sciences, FOS: Computer and information sciences},
  title = {Cylinder3D: An Effective 3D Framework for Driving-scene LiDAR Semantic Segmentation},
  publisher = {arXiv},
  year = {2020},
  copyright = {Creative Commons Attribution Non Commercial Share Alike 4.0 International}
}

@inproceedings{coarse3d,
 title={COARSE3D: Class-Prototypes for Contrastive Learning in Weakly-Supervised 3D Point Cloud Segmentation},
 author={Rong Li, Anh-Quan Cao and Raoul de Charette},
 booktitle={BMVC},
 year={2022},
}

@misc{2dpass,
  doi = {10.48550/ARXIV.2207.04397},
  url = {https://arxiv.org/abs/2207.04397},
  author = {Yan, Xu and Gao, Jiantao and Zheng, Chaoda and Zheng, Chao and Zhang, Ruimao and Cui, Shenghui and Li, Zhen},
  keywords = {Computer Vision and Pattern Recognition (cs.CV), FOS: Computer and information sciences, FOS: Computer and information sciences},
  title = {2DPASS: 2D Priors Assisted Semantic Segmentation on LiDAR Point Clouds},
  publisher = {arXiv},
  year = {2022},
  copyright = {arXiv.org perpetual, non-exclusive license}
}

@misc{salsanext,
  doi = {10.48550/ARXIV.2003.03653},
  url = {https://arxiv.org/abs/2003.03653},
  author = {Cortinhal, Tiago and Tzelepis, George and Aksoy, Eren Erdal},
  keywords = {Computer Vision and Pattern Recognition (cs.CV), Machine Learning (cs.LG), FOS: Computer and information sciences, FOS: Computer and information sciences},
  title = {SalsaNext: Fast, Uncertainty-aware Semantic Segmentation of LiDAR Point Clouds for Autonomous Driving},
  publisher = {arXiv},
  year = {2020},
  copyright = {arXiv.org perpetual, non-exclusive license}
}

@article{pointnet,
  author    = {Charles Ruizhongtai Qi and
               Hao Su and
               Kaichun Mo and
               Leonidas J. Guibas},
  title     = {PointNet: Deep Learning on Point Sets for 3D Classification and Segmentation},
  journal   = {CoRR},
  volume    = {abs/1612.00593},
  year      = {2016},
  url       = {http://arxiv.org/abs/1612.00593},
  eprinttype = {arXiv},
  eprint    = {1612.00593},
  timestamp = {Wed, 11 Nov 2020 08:48:10 +0100},
  biburl    = {https://dblp.org/rec/journals/corr/QiSMG16.bib},
  bibsource = {dblp computer science bibliography, https://dblp.org}
}

@misc{sparseconv,
  doi = {10.48550/ARXIV.1711.10275},
  url = {https://arxiv.org/abs/1711.10275},
  author = {Graham, Benjamin and Engelcke, Martin and van der Maaten, Laurens},
  keywords = {Computer Vision and Pattern Recognition (cs.CV), FOS: Computer and information sciences, FOS: Computer and information sciences},
  title = {3D Semantic Segmentation with Submanifold Sparse Convolutional Networks},
  publisher = {arXiv},
  year = {2017},
  copyright = {arXiv.org perpetual, non-exclusive license}
}

